<record><leader>00000cas a22000007a 4500</leader><controlfield tag="001">22724161</controlfield><controlfield tag="008">901121d19611971mauwr ne      0    0eng d</controlfield><datafield ind1=" " ind2=" " tag="010"><subfield code="a">sn 89062544 </subfield></datafield><datafield ind1=" " ind2=" " tag="040"><subfield code="a">MGN</subfield><subfield code="b">eng</subfield><subfield code="c">MGN</subfield><subfield code="d">OCLCQ</subfield></datafield><datafield ind1=" " ind2=" " tag="042"><subfield code="a">msc</subfield></datafield><datafield ind1="0" ind2=" " tag="130"><subfield code="a">Spencer leader (Spencer, Mass. : 1961)</subfield></datafield><datafield ind1="1" ind2="0" tag="245"><subfield code="a">Spencer leader.</subfield></datafield><datafield ind1=" " ind2=" " tag="260"><subfield code="a">Spencer, Mass. :</subfield><subfield code="b">Jordan Publications</subfield></datafield><datafield ind1=" " ind2=" " tag="300"><subfield code="a">v.</subfield></datafield><datafield ind1=" " ind2=" " tag="310"><subfield code="a">Weekly</subfield></datafield><datafield ind1="0" ind2=" " tag="362"><subfield code="a">Vol. 70, no. 46 (Nov. 2, 1961)-v. 81, no. 35 (Aug. 12, 1971).</subfield></datafield><datafield ind1=" " ind2=" " tag="580"><subfield code="a">Merged with: Country courier, and: Leicester times to form: County courier (Spencer, Mass.).</subfield></datafield><datafield ind1=" " ind2=" " tag="580"><subfield code="a">Other ed.: Spencer leader (Spencer, Mass. : Holden-West Boylston ed.).</subfield></datafield><datafield ind1=" " ind2=" " tag="752"><subfield code="a">United States</subfield><subfield code="b">Massachusetts</subfield><subfield code="c">Worcester</subfield><subfield code="d">Spencer.</subfield></datafield><datafield ind1="1" ind2=" " tag="775"><subfield code="t">Spencer leader (Spencer, Mass. : Holden-West Boylston ed.)</subfield><subfield code="w">(DLC)sn 94055569</subfield></datafield><datafield ind1="0" ind2="1" tag="780"><subfield code="t">Country courier (West Brookfield, Mass.)</subfield><subfield code="w">(DLC)sn 89062543</subfield></datafield><datafield ind1="1" ind2="7" tag="785"><subfield code="t">Country courier</subfield></datafield><datafield ind1="1" ind2="7" tag="785"><subfield code="t">Leicester times</subfield></datafield><datafield ind1="1" ind2="7" tag="785"><subfield code="t">County courier (Spencer, Mass.)</subfield><subfield code="w">(DLC)sn 89062545</subfield></datafield></record>